@Comment Ссылки на 3 основных раздела (аналитический, конструкторский, технологический)
@book{modern_net,
  title = {Компьютерные сети},
  author = {Э. Таненбаум and Д. Уэзеролл},
  publisher = {Питер},
  series = {Классика Computer Science},
  year = {2012},
  edition = {5},
}

@book{modern_os,
  title = {Современные операционные системы},
  author = {Э. Таненбаум and Х. Бос},
  publisher = {Питер},
  series = {Классика Computer Science},
  year = {2016},
  edition = {4},
}

@book{linux_programming,
  title = {Linux. Системное программирование},
  author = {Р. Лав},
  publisher = {Питер},
  series = {Бестселлеры O'Reilly},
  year = {2014},
}

@misc{ntop_company,
  title = {ntop},
  howpublished = "\url{www.ntop.org}",
  note = "[Электронный ресурс; доступ 01 мая 2016]"
}

@misc{dpdk_descr,
  title = {DPDK},
  howpublished = "\url{http://dpdk.org}",
  note = "[Электронный ресурс; доступ 01 мая 2016]"
}

@misc{http_rfc,
  title = {Hypertext Transfer Protocol},
  howpublished = "\url{https://tools.ietf.org/html/rfc2616}",
  note = "[Электронный ресурс; доступ 07 мая 2016]"
}

@misc{sip_rfc,
  title = {Session Initiation Protocol},
  howpublished = "\url{https://tools.ietf.org/html/rfc3261}",
  note = "[Электронный ресурс; доступ 10 мая 2016]"
}

@misc{rtsp_rfc,
  title = {Real Time Streaming Protocol},
  howpublished = "\url{https://tools.ietf.org/html/rfc2326}",
  note = "[Электронный ресурс; доступ 12 мая 2016]"
}

@misc{rtp_rfc,
  title = {A Transport Protocol for Real-Time Application},
  howpublished = "\url{https://tools.ietf.org/html/rfc3550}",
  note = "[Электронный ресурс; доступ 15 мая 2016]"
}


@Comment Ссылки раздела "Охрана труда и экология"
@misc{pc_izluch,
  title = {Электромагнитные поля и их воздействие на человека},
  howpublished = "\url{http://bez-emi.ru/kompyuter}",
  note = "[Электронный ресурс; доступ 18 мая 2016]"
}

@misc{bzd_book,
  title = {Безопасность жизнедеятельности},
  howpublished = "\url{http://ftemk.mpei.ac.ru/bgd/bgd_start.htm}",
  author = {С.Г.Новиков},
  note = "[Электронный ресурс; доступ 18 мая 2016]"
}

@book{noise_book,
  title = {Расчет средств защиты от шума},
  author={Т.Г.Феоктистова and О.Г.Феоктистова and Т.В.Наумова},
  year = {2005},
}

@article{utilization,
  title = {Утилизация продуктов производства электроники},
  howpublished = "\url{http://www.kit-e.ru/assets/files/pdf/2008_10_153.pdf}",
  author={А.Медведев and С.Афанасьев},
  journal={Компоненты и технологии},
  year = {2008},
  number={10},
}
